@webpage{grosjean2010,
    Author = {Jean Claude Grosjean},
	Date-Added = {2012-02-20 11:46:46 +0000},
	Date-Modified = {2012-02-20 11:48:24 +0000},
	Lastchecked = {20.2.2012},
	Month = {3},
	Title = {The ScrumMaster IS NOT an Agile Coach !},
	Url = {http://www.agile-ux.com/2010/03/30/the-scrummaster-is-not-an-agile-coach/},
	Year = {2010}}

@electronic{appelo2012,
	Author = {Jurgen Appelo},
	Date-Added = {2012-02-20 11:45:06 +0000},
	Date-Modified = {2012-02-20 11:46:36 +0000},
	Lastchecked = {20.2.2012},
	Month = {9},
	Title = {21 Concrete Practices for Agile Managers (Part 2)},
	Url = {http://www.noop.nl/2011/09/21-concrete-practices-for-agile-managers-part-2.html},
	Year = {2011}}

@webpage{rsaanimate,
	Author = {'RSA Animate'},
	Date-Added = {2012-02-20 11:40:30 +0000},
	Date-Modified = {2012-02-20 11:48:57 +0000},
	Lastchecked = {20.2.2012},
	Month = {4},
	Title = {Drive: The surprising truth about what motivates us},
	Url = {https://www.youtube.com/watch?v=u6XAPnuFjJc},
	Year = {2010}}

@inbook{adkins2010,
	Author = {Lyssa Adkins},
	Date-Added = {2012-02-20 11:38:36 +0000},
	Date-Modified = {2012-02-20 11:39:56 +0000},
	Pages = {6-16},
	Publisher = {Addison Wesley},
	Title = {Coaching Agile Teams},
	Year = {2010}}

@inbook{augustine2005,
	Author = {Sanjiv Augustine},
	Chapter = {2},
	Date-Added = {2012-02-20 11:37:02 +0000},
	Date-Modified = {2012-02-20 11:38:34 +0000},
	Pages = {31-41},
	Publisher = {Prentice Hall},
	Title = {Managing Agile Projects},
	Year = {2005}}

@inbook{mcconnell1996,
	Author = {S McConnell},
	Chapter = {12},
	Date-Added = {2012-02-20 11:31:56 +0000},
	Date-Modified = {2012-02-20 11:36:59 +0000},
	Pages = {273-296},
	Publisher = {Microsoft Press},
	Title = {Rapid Development: Taming wild software schedules},
	Year = {1996}}
